@mastersthesis{shayu2014,
    author = "沙瑜",
    title = "基于多核DSP的InSAR实时信号处理研究",
    school = "西安电子科技大学",
    year = { 2014 }
}
